<record xmlns="http://www.loc.gov/MARC21/slim" xmlns:xsi="http://www.w3.org/2001/XMLSchema-instance" xsi:schemaLocation="http://www.loc.gov/MARC21/slim http://www.loc.gov/standards/marcxml/schema/MARC21slim.xsd"><leader>     nam a22        4500</leader><controlfield tag="001">3072126</controlfield><controlfield tag="003">NNC</controlfield><controlfield tag="006">m        d        </controlfield><controlfield tag="007">cr cn |||m|||a</controlfield><controlfield tag="008">150313s1937    ua ah   ob    000 0 arard</controlfield><datafield ind1=" " ind2=" " tag="040"><subfield code="a">NNU</subfield><subfield code="b">eng</subfield><subfield code="e">rda</subfield><subfield code="c">NNU</subfield></datafield><datafield ind1=" " ind2="4" tag="050"><subfield code="a">DT95.5</subfield><subfield code="b">.I5</subfield></datafield><datafield ind1="1" ind2=" " tag="100"><subfield code="6">880-01</subfield><subfield code="a">&#699;Ina&#772;n, Muh&#803;ammad &#699;Abd Alla&#772;h,</subfield><subfield code="d">1896-</subfield></datafield><datafield ind1="1" ind2="3" tag="245"><subfield code="6">880-02</subfield><subfield code="a">al-H&#803;a&#772;kim bi-Amr Alla&#772;h wa-asra&#772;r al-da&#699;wah al-Fa&#772;t&#803;imi&#772;yah.</subfield></datafield><datafield ind1=" " ind2=" " tag="260"><subfield code="a">al-Qa&#772;hirah :</subfield><subfield code="b">Da&#772;r al-Nashr al-H&#803;adi&#772;th [al-muqaddimah],</subfield><subfield code="c">[1937]</subfield></datafield><datafield ind1=" " ind2=" " tag="300"><subfield code="a">online resource (277 pages) :</subfield><subfield code="b">illustrations, facsimiles</subfield></datafield><datafield ind1=" " ind2=" " tag="336"><subfield code="a">text</subfield><subfield code="2">rdacontent</subfield></datafield><datafield ind1=" " ind2=" " tag="337"><subfield code="a">computer</subfield><subfield code="2">rdamedia</subfield></datafield><datafield ind1=" " ind2=" " tag="338"><subfield code="a">online resource</subfield><subfield code="2">rdacarrier</subfield></datafield><datafield ind1=" " ind2=" " tag="500"><subfield code="a">Part of the Arabic Collections Online (ACO) project, contributed by Columbia University Libraries.</subfield></datafield><datafield ind1=" " ind2=" " tag="504"><subfield code="a">Includes bibliographical references (pages 267-269).</subfield></datafield><datafield ind1=" " ind2=" " tag="533"><subfield code="a">Electronic reproduction.</subfield><subfield code="b">New York, N.Y. :</subfield><subfield code="c">New York University,</subfield><subfield code="d">2015.</subfield><subfield code="5">NNU</subfield></datafield><datafield ind1="0" ind2="0" tag="600"><subfield code="a">H&#803;a&#772;kim bi-Amr Alla&#772;h,</subfield><subfield code="c">Caliph of Egypt,</subfield><subfield code="d">985-approximately 1021.</subfield></datafield><datafield ind1=" " ind2="0" tag="650"><subfield code="a">Fatimites.</subfield></datafield><datafield ind1="0" ind2="7" tag="600"><subfield code="a">H&#803;a&#772;kim bi-Amr Alla&#772;h,</subfield><subfield code="c">Caliph of Egypt,</subfield><subfield code="d">985-approximately 1021</subfield><subfield code="2">fast</subfield><subfield code="0">(OCoLC)fst01822418</subfield></datafield><datafield ind1=" " ind2="7" tag="650"><subfield code="a">Fatimites.</subfield><subfield code="2">fast</subfield><subfield code="0">(OCoLC)fst00921954</subfield></datafield><datafield ind1="2" ind2=" " tag="710"><subfield code="a">Columbia University.</subfield><subfield code="b">Libraries.</subfield></datafield><datafield ind1="0" ind2=" " tag="730"><subfield code="a">Arabic Collections Online.</subfield></datafield><datafield ind1="0" ind2="8" tag="776"><subfield code="i">Print version:</subfield><subfield code="a">&#699;Ina&#772;n, Muh&#803;ammad &#699;Abd Alla&#772;h, 1896-</subfield><subfield code="t">al-H&#803;a&#772;kim bi-Amr Alla&#772;h wa-asra&#772;r al-da&#699;wah al-Fa&#772;t&#803;imi&#772;yah</subfield><subfield code="w">(NNC)3072126</subfield><subfield code="w">(OCoLC)16269189</subfield></datafield><datafield ind1="4" ind2="0" tag="856"><subfield code="u">http://hdl.handle.net/2333.1/xksn05bj</subfield></datafield><datafield ind1="1" ind2=" " tag="880"><subfield code="6">100-01/r</subfield><subfield code="a">&#1593;&#1606;&#1575;&#1606;&#1548; &#1605;&#1581;&#1605;&#1583; &#1593;&#1576;&#1583; &#1575;&#1604;&#1604;&#1607;&#1548;,</subfield><subfield code="d">1896-</subfield></datafield><datafield ind1="1" ind2="2" tag="880"><subfield code="6">245-02/r</subfield><subfield code="a">&#1575;&#1604;&#1581;&#1575;&#1603;&#1605; &#1576;&#1571;&#1605;&#1585; &#1575;&#1604;&#1604;&#1607; &#1608;&#1571;&#1587;&#1585;&#1575;&#1585; &#1575;&#1604;&#1583;&#1593;&#1608;&#1577; &#1575;&#1604;&#1601;&#1575;&#1591;&#1605;&#1610;&#1577; /</subfield><subfield code="c">&#1578;&#1571;&#1604;&#1610;&#1601; &#1605;&#1581;&#1605;&#1583; &#1593;&#1576;&#1583; &#1575;&#1604;&#1604;&#1607; &#1593;&#1606;&#1575;&#1606;.</subfield></datafield><datafield ind1=" " ind2=" " tag="880"><subfield code="6">260-00/r</subfield><subfield code="a">&#1575;&#1604;&#1602;&#1575;&#1607;&#1585;&#1577; :</subfield><subfield code="b">&#1583;&#1575;&#1585;&#1575;&#1604;&#1606;&#1588;&#1585; &#1575;&#1604;&#1581;&#1583;&#1610;&#1579;&#1548;</subfield><subfield code="c">1937.</subfield></datafield><datafield ind1=" " ind2=" " tag="959"><subfield code="a">NNU</subfield><subfield code="b">WEB</subfield><subfield code="c">GENI</subfield><subfield code="t">0</subfield><subfield code="m">Electronic access</subfield><subfield code="s">01</subfield></datafield><datafield ind1=" " ind2=" " tag="999"><subfield code="i">NNC_3072126</subfield><subfield code="o">(OCoLC)ocm16269189 </subfield><subfield code="s">columbia_aco000523</subfield><subfield code="e">(ERROR-880)</subfield></datafield></record>